<?xml version="1.0" encoding="UTF-8"?><record xmlns="http://www.loc.gov/MARC21/slim" xmlns:cinclude="http://apache.org/cocoon/include/1.0" xmlns:zs="http://www.loc.gov/zing/srw/">
  <leader>01019cz  a2200181n  4500</leader>
  <controlfield tag="001">n  79143837 </controlfield>
  <controlfield tag="003">DLC</controlfield>
  <controlfield tag="005">20120807081145.0</controlfield>
  <controlfield tag="008">791213n| acannaabn          |a ana      </controlfield>
  <datafield tag="010" ind1=" " ind2=" ">
    <subfield code="a">n  79143837 </subfield>
  </datafield>
  <datafield tag="035" ind1=" " ind2=" ">
    <subfield code="a">(OCoLC)oca00374997</subfield>
  </datafield>
  <datafield tag="040" ind1=" " ind2=" ">
    <subfield code="a">DLC</subfield>
    <subfield code="b">eng</subfield>
    <subfield code="c">DLC</subfield>
    <subfield code="d">CU</subfield>
    <subfield code="d">DLC</subfield>
  </datafield>
  <datafield tag="111" ind1="2" ind2=" ">
    <subfield code="a">Kantō Kōshinʼetsu Rōjin Mondai Chiiki Kaigi</subfield>
  </datafield>
  <datafield tag="411" ind1="2" ind2=" ">
    <subfield code="w">nnaa</subfield>
    <subfield code="a">Kantō Kō-Shin-Etsu Rōjin Mondai Chiiki Kaigi</subfield>
  </datafield>
  <datafield tag="411" ind1="2" ind2=" ">
    <subfield code="a">Rōjin Mondai Chiiki Kaigi, Kantō Kōshinʼetsu</subfield>
  </datafield>
  <datafield tag="667" ind1=" " ind2=" ">
    <subfield code="a">THIS 1XX FIELD CANNOT BE USED UNDER RDA UNTIL THIS RECORD HAS BEEN REVIEWED AND/OR UPDATED</subfield>
  </datafield>
  <datafield tag="667" ind1=" " ind2=" ">
    <subfield code="a">AACR 1 form.: Kantō Kō-Shin-Etsu Rōjin Mondai Chiiki Kaigi.</subfield>
  </datafield>
  <datafield tag="670" ind1=" " ind2=" ">
    <subfield code="a">Rōjin Mondai Chiiki Kaigi hōkokusho, Shōwa 53-nendo (subj.)</subfield>
    <subfield code="b">p. 1 (Kantō Kōshinʼetsu Rōjin Mondai Chiiki Kaigi) p. 2, etc. (Rōjin Mondai Chiiki Kaigi; chiiki kaigi, collective name for local area congresses, e.g. Kantō Region; sponsored by Sōrifu; symposeum held by local govt., that of this area in 1978 held by Kanagawa Pref. govt.)</subfield>
  </datafield>
</record>